@article{vaga,
    author    = "Tonis Vaga",
    title     = "{The Coherent Market Hypothesis}",
    journal =      "Financial Analysts Journal",
    year =         "December/January 1991",
}


@book{papers,
    author    = "Bassani, G. F. (Ed.)",
    title     = "Ettore Majorana Scientific Papers",
    year      = "2006",
    publisher = "Springer",

}

@book{churchill,
	author = "Ruel Vance Churchill",
	title = "{Fourier series and boundary value problem (2nd Ed.)}",
	publisher = "New York, NY: McGraw-Hill",
	year = "1963"
}

@article{callan,
	author = "E. Callan and D. Shapiro",
	title = "{A Theory of Social Imitation}",
	journal = "Physics Today",
	volume = "27",
	year = "1974",
}

@article{weidlich,
	author = "W. Weidlich",
	title = "{The Stattistical Description of Polarization Phenomena is Society}",
	journal = "{British Journal of Math. Statist. Psychology}",
	volume = "24",
	year = "1971",
	pages = "251-266",
}

@article{black,
	author = "F. Black and M/ Scholes",
	title = "{The Pricing of Options and Corporate Liabilities}",
	journal = "Journal of Political Economy",
	volume = "Vol. 81",
	year = "1973",
	pages = "637-654",
}

@article{SW,
	author = "R. H. Swendsen. and Jian-Shengs Wang",
	title = "{Nonuniversal critical dynamics in Monte Carlo simulations}",
	journal = "Physical Review Letters",
	note = "American Physical Society (APS).",
	volume = "58",
	year = "1987",
	pages = "86-88",
}

@article{Wolff,
	author = "Ulli Wolff",
	title = "{Collective Monte Carlo Updating for Spin Systems}",
	journal = "Physical Review Letters",
	note = "American Physical Society (APS).",
	volume = "62",
	year = "1989",
	pages = "361-364",
}


@book{janke,
	author = "W. Janke",
	title = "{Monte Carlo Methods in Classical Statistical Physics /
Computational Many-Particle Physics}",
	publisher = "Springer Berlin Heidelberg",
	year = "2008",
	pages = "79-140",
}

@article{sandvik,
	author = "Anders W. Sandvik",
	title = "{Monte Carlo simulations in classical statistical physics}",
	note = "Department of Physics, Boston University",
	year = "2018",
}

@article{oliveira,
title = {Monte Carlo simulation of the quantum transverse Ising model},
journal = {Physica A: Statistical Mechanics and its Applications},
volume = {238},
number = {1},
pages = {307-316},
year = {1997},
issn = {0378-4371},
doi = {https://doi.org/10.1016/S0378-4371(96)00461-X},
url = {https://www.sciencedirect.com/science/article/pii/S037843719600461X},
author = {M.J. {de Oliveira} and J.R.N. Chiappin},
}

@article{lenz,
	author = "W. Lenz",
	title = "{Beiträge zum Verständnis der magnetischen Eigenschaften in festen Körpern}",
	journal = "Physikalische Zeitschrift",
	volume = "21",
	pages = "613-615",
	year = "1920",
}

@article{ising,
	author = "E. Ising",
	title = "{Beitrag zur Theorie des Ferromagnetismus}",
	journal = "Z. Phys.",
	volume = "31 (1)",
	pages = "253-258",
	year = "1925",
}

@article{marchand,
	author = "Dominic Marchand",
	title = "{Classical Monte Carlo and the Metropolis Algorithm:
Revisiting the 2D Ising Model}",
	note = "Department of Physics and Astronomy, University of British Columbia",
	year = "2005",
}

@article{kotze,
      title= "{Introduction to Monte Carlo methods for an Ising Model of a Ferromagnet}", 
      author= "{Jacques Kotze}",
      year="{2008}",
}
